% référencer un livre
@book{maref,
  author = {Lamport, Leslie},
  title = {\emph{\LaTeX: A Document Preparation System}},
  publisher = {Addison Wesley},
  year = {1994},
  address = {Massachusetts},
  edition = {2nd Edition},
}

%référencer un article scientifique
@article{citekey,
  author = {Author's Last Name, Author's First Name},
  title = {Title of the Paper},
  journal = {Journal Name},
  year = {Year},
  volume = {Volume},
  number = {Issue},
  pages = {Page Range},
}

% référencer un rapport d'entreprise
@techreport{citekey,
  author = {Company Name},
  title = {Title of the Report},
  institution = {Company},
  year = {Year},
  type = {Report type},
  number = {Report number},
}


% référencer un document sur un site quelconque
@misc{citekey,
  author = {{Company Name}},
  title = {{Title of the Annual Report}},
  howpublished = {{Company Name, Annual Report}},
  year = {Year},
}
% référencer une page web 
%/!\ il n'est pas recommandé de citer uniquement le site d'une entreprise : www.apple.com n'est pas une référence valide, il faut citer le document consulté (Rapport Annuel, ... ).
@misc{citekey,
  author = {{Author's Last Name, Author's First Name}},
  title = {{Title of the Web Page}},
  howpublished = {{URL}},
  year = {Year},
  note = {{Accessed: Date}},
}

% -------------------------------------------------------------------------------